@book{musterquelle,
  author    = {Max Mustermann},
  title     = {EinfÃ¼hrung in die Beispielkunde},
  year      = {2020},
  publisher = {Beispielverlag},
  address   = {Berlin}
}
