@article{bild2,
  author  = {Max Mustermann},
  title   = {Physikalische Grundlagen der Schwingung},
  journal = {Physik Journal},
  year    = {2023},
  volume  = {42},
  number  = {7},
  pages   = {123--130}
}
